@Manual{Harvard:2008,
	title = {The {H}arvard {F}amily of {B}ibliography {S}tyles},
	author = {Peter Williams and Thorsten Schnier},
	month = {Noviembre},
	year = {2008},
	url = {ftp://ftp.tex.ac.uk/tex-archive/macros/latex/contrib/harvard/harvard.pdf},
	}
@Manual{R,
    title = {R: A Language and Environment for Statistical Computing},
    author = {{R Core Team}},
    organization = {R Foundation for Statistical Computing},
    address = {Vienna, Austria},
    year = {2012},
    note = {http://www.R-project.org/},
	}
@Book{Graybill:1976,
	author = {Graybill, Franklin A.},
	title = {Theory and Application of the Linear Model},
	publisher = {Wadsworth \& Brooks},
	address = {Pacific Grove, California},
	year = {1976}
	}
@ARTICLE{Wood:2003,
	author = {Simon N. Wood},
	title = {Thin-plate regression splines},
	journal = {Journal of the Royal Statistical Society (B)},
	year = {2003},
	volume = {65},
	number = {1},
	pages = {95-114},
	}
@BOOK{Sarkar:2008,
    title = {Lattice: Multivariate Data Visualization with R},
    author = {Deepayan Sarkar},
    publisher = {Springer},
    address = {New York},
    year = {2008},
    note = {ISBN 978-0-387-75968-5},
    url = {http://lmdvr.r-forge.r-project.org},
  }