@article{eyheramendy2018irregular,
  title={An irregular discrete time series model to identify residuals with autocorrelation in astronomical light curves},
  author={Eyheramendy, Susana and Elorrieta, Felipe and Palma, Wilfredo},
  journal={Monthly Notices of the Royal Astronomical Society},
  volume={481},
  number={4},
  pages={4311--4322},
  year={2018},
  publisher={Oxford University Press}
}

@InProceedings{ojedaIMA,
author="Ojeda, C{\'e}sar
and Palma, Wilfredo
and Eyheramendy, Susana
and Elorrieta, Felipe",
editor="Valenzuela, Olga
and Rojas, Fernando
and Herrera, Luis Javier
and Pomares, H{\'e}ctor
and Rojas, Ignacio",
title="A Novel First-Order Autoregressive Moving Average Model to Analyze Discrete-Time Series Irregularly Observed",
booktitle="Theory and Applications of Time Series Analysis and Forecasting",
year="2023",
publisher="Springer International Publishing",
address="Cham",
pages="91--103",
abstract="A novel first-order autoregressive moving average model for analyzing discrete-time series observed at irregularly spaced times is introduced. Under Gaussianity, it is established that the model is strictly stationary and ergodic. In the general case, it is shown that the model is weakly stationary. The lowest dimension of the state-space representation is given along with the one-step linear predictors and their mean squared errors. The maximum likelihood estimation procedure is discussed, and their finite-sample behavior is assessed through Monte Carlo experiments. These experiments show that the bias, the root mean square error, and the coefficient of variation are smaller when the length of the series increases. Further, the method provides good estimations for the standard errors, even with relatively small sample sizes. Also, the irregularly spaced times seem to increase the estimation variability. The application of the proposed model is made through two real-life examples. The first is concerned with medical data, whereas the second describes an astronomical data set analysis.",
isbn="978-3-031-14197-3"
}

@phdthesis{echeverri2019analysis,
  title={Analysis of irregularly spaced time series},
  author={Ojeda, Cesar},
  year={2019},
  school={Universidad Cat{\'o}lica de Chile}
}

@article{elorrieta2020bivariate,
  title={A bivariate autoregressive model for unequally spaced time series},
  author={Elorrieta, Felipe and Eyheramendy, Susana and Palma, Wilfredo},
  journal={umpublished manuscript},
  year={2020}
}

@inproceedings{adorf1995interpolation,
  title={Interpolation of Irregularly Sampled Data Series---A Survey},
  author={Adorf, H-M},
  booktitle={Astronomical Data Analysis Software and Systems IV},
  volume={77},
  pages={460},
  year={1995}
}

@article{robinson1977estimation,
  title={Estimation of a time series model from unequally spaced data},
  author={Robinson, PM},
  journal={Stochastic Processes and their Applications},
  volume={6},
  number={1},
  pages={9--24},
  year={1977},
  publisher={Elsevier}
}
@article{engle1998autoregressive,
  title={Autoregressive conditional duration: a new model for irregularly spaced transaction data},
  author={Engle, Robert F and Russell, Jeffrey R},
  journal={Econometrica},
  pages={1127--1162},
  year={1998},
  publisher={JSTOR}
}

@article{schulz1997spectrum,
  title={SPECTRUM: Spectral analysis of unevenly spaced paleoclimatic time series},
  author={Schulz, Michael and Stattegger, Karl},
  journal={Computers \& Geosciences},
  volume={23},
  number={9},
  pages={929--945},
  year={1997},
  publisher={Elsevier}
}

%%citas autocorrelaciones ejemplos
@article{kuttu2017feedback,
  title={Feedback Trading and Autocorrelation Patterns in Sub-Saharan African Equity Markets},
  author={Kuttu, Saint and Bokpin, Godfred A},
  journal={Emerging Markets Finance and Trade},
  volume={53},
  number={1},
  pages={213--225},
  year={2017},
  publisher={Taylor \& Francis}
}

@article{rindorf2020periodic,
  title={Periodic fluctuations in recruitment success of Atlantic cod},
  author={Rindorf, Anna and Cadigan, Noel and Howell, Daniel and Eero, Margit and Gislason, Henrik},
  journal={Canadian Journal of Fisheries and Aquatic Sciences},
  volume={77},
  number={2},
  pages={236--246},
  year={2020},
  publisher={NRC Research Press}
}

@inproceedings{novoseltseva2019spatial,
  title={Spatial and Econometric Modeling of the Demographic Situation in the Kemerovo Region},
  author={Novoseltseva, M and Gutova, S and Glinchikov, K},
  booktitle={IOP Conference Series: Earth and Environmental Science},
  volume={272},
  number={3},
  pages={032155},
  year={2019},
  organization={IOP Publishing}
}

@article{yang2019predictability,
  title={The predictability of ecological stability in a noisy world},
  author={Yang, Qiang and Fowler, Mike S and Jackson, Andrew L and Donohue, Ian},
  journal={Nature ecology \& evolution},
  volume={3},
  number={2},
  pages={251--259},
  year={2019},
  publisher={Nature Publishing Group}
}

%%Citas ejemplos de uso en series irregulares

@article{shamsan2020intrinsic,
  title={Intrinsic recurrence quantification analysis of nonlinear and nonstationary short-term time series},
  author={Shamsan, Abdulrahman and Wu, Xiaodan and Liu, Pengyu and Cheng, Changqing},
  journal={Chaos: An Interdisciplinary Journal of Nonlinear Science},
  volume={30},
  number={9},
  pages={093104},
  year={2020},
  publisher={AIP Publishing LLC}
}

@article{liu2019comparison,
  title={A comparison between discrete and continuous time Bayesian networks in learning from clinical time series data with irregularity},
  author={Liu, Manxia and Stella, Fabio and Hommersom, Arjen and Lucas, Peter JF and Boer, Lonneke and Bischoff, Erik},
  journal={Artificial intelligence in medicine},
  volume={95},
  pages={104--117},
  year={2019},
  publisher={Elsevier}
}
@article{ghaderpour2020change,
  title={Change Detection within Remotely Sensed Satellite Image Time Series via Spectral Analysis},
  author={Ghaderpour, Ebrahim and Vujadinovic, Tijana},
  journal={Remote Sensing},
  volume={12},
  number={23},
  pages={4001},
  year={2020},
  publisher={Multidisciplinary Digital Publishing Institute}
}
@article{dilmaghani2007harmonic,
  title={Harmonic analysis of environmental time series with missing data or irregular sample spacing},
  author={Dilmaghani, Shabnam and Henry, Isaac C and Soonthornnonda, Puripus and Christensen, Erik R and Henry, Ronald C},
  journal={Environmental science \& technology},
  volume={41},
  number={20},
  pages={7030--7038},
  year={2007},
  publisher={ACS Publications}
}

@book{shumway2017time,
  title={Time series analysis and its applications with R examples},
  author={Shumway, Robert H and Stoffer, David S and Stoffer, David S},
  volume={4},
  year={2017},
  publisher={Springer Texts in Statistics}
}

@article{bose1990bootstrap,
  title={Bootstrap in moving average models},
  author={Bose, Arup},
  journal={Annals of the Institute of Statistical Mathematics},
  volume={42},
  number={4},
  pages={753--768},
  year={1990},
  publisher={Springer-Verlag}
}

@article{mudelsee2019trend,
  title={Trend analysis of climate time series: A review of methods},
  author={Mudelsee, Manfred},
  journal={Earth-science reviews},
  volume={190},
  pages={310--322},
  year={2019},
  publisher={Elsevier}
}

@book{mudelse2014climate,
title={Climate Time Series Analysis: Classical Statistical and Bootstrap Methods},
author={Mudelse, Manfred},
year={2014},
publisher={Springer},
address={Berlin, Heidelberg},
doi={https://doi.org/10.1007/978-3-319-04450-7}
}

@article{elorrieta2019discrete,
  title={Discrete-time autoregressive model for unequally spaced time-series observations},
  author={Elorrieta, Felipe and Eyheramendy, Susana and Palma, Wilfredo},
  journal={Astronomy \& Astrophysics},
  volume={627},
  pages={A120},
  year={2019},
  publisher={EDP Sciences}
}